@misc{riscvISA, title={Release RISCV-RISCV-isa-manual · GITHUB}, url={https://github.com/riscv/riscv-isa-manual/releases/download/Ratified-IMAFDQC/riscv-spec-20191213.pdf}, journal={RISCV ISA GitHub}, publisher={RISCV}}
@misc{realboy-emulator, title={Game Boy  CPU Manual}, url={https://realboyemulator.files.wordpress.com/2013/01/gbcpuman.pdf}, journal={Realboy Emulator}, author={Anthrox, Pan Of and Bowser and kOOPa and Korth, Martin and Robson, Paul and Felber, Pascal and Fayzullin, Marat and GABY}, year={2013}, month={Jan}}
@misc{ARMISA, title={ARM Architecture Reference Manual ARMv7-A and ARMv7-R edition}, url={https://developer.arm.com/documentation/ddi0406/latest}, journal={Documentation – arm developer}}
@misc{j-core-open-processor, title={J2 open processor}, url={https://j-core.org/}, journal={J-core Open Processor}}
@misc{mister, title={MiSTer}, url={https://emulation.gametechwiki.com/index.php/MiSTer}, journal={MiSTer - Emulation General Wiki}}
@misc{terrasic, title={Terasic DE10-Nano Development Kit}, url={https://www.terasic.com.tw/cgi-bin/page/archive_download.pl?No=1046&amp;FID=0360de8270890a9ce105eb03e7b6b996}, journal={Terrasic}, publisher={Terrasic}}
@misc{vaughn, title={FPGA architecture for the Challenge}, url={https://www.eecg.utoronto.ca/~vaughn/challenge/fpga_arch.html}, journal={The Computer Engineering Research Group}, author={Vaughn}}
@presentation{moore_2019, title={Look Up Tables}, url={https://www.youtube.com/watch?v=3-kL6fXBNTk&amp;list=PL2RibjT5T0ALDJIKZD4wnL-DvHMrr0Lr4&amp;index=2}, journal={Look Up Tables - YouTube}, publisher={University Of Leeds}, author={Moore, Dave}, year={2019}, month={Nov}}
@misc{hardesty_2012, title={Simulating Tomorrow's chips}, url={https://news.mit.edu/2012/hardware-testing-multicore-0413}, journal={MIT News | Massachusetts Institute of Technology}, publisher={Mit University}, author={Hardesty, Larry}, year={2012}, month={Apr}}